@article{paredes2024fully,
  title={Fully neuromorphic vision and control for autonomous drone flight},
  author={Paredes-Vall{\'e}s, Federico and Hagenaars, Jesse J and Dupeyroux, Julien and Stroobants, Stein and Xu, Yingfu and de Croon, Guido CHE},
  journal={Science Robotics},
  volume={9},
  number={90},
  pages={eadi0591},
  year={2024},
  publisher={American Association for the Advancement of Science}
}

@article{stroobants2025neuromorphic,
  title={Neuromorphic Attitude Estimation and Control},
  author={Stroobants, Stein and De Wagter, Christophe and De Croon, Guido CHE},
  journal={IEEE Robotics and Automation Letters},
  year={2025},
  publisher={IEEE}
}

@inproceedings{lee2025bio,
  title={Bio-Inspired Drone Control: A Reinforcement Learning-Trained Spiking Neural Networks for Agile Navigation in Dynamic Environment},
  author={Lee, Yin-Ching and Mengozzi, Sebastiano and Zanatta, Luca and Bartolini, Andrea and Acquaviva, Andrea and Barchi, Francesco},
  booktitle={2025 IEEE International Conference on Omni-layer Intelligent Systems (COINS)},
  pages={1--8},
  year={2025},
  organization={IEEE}
}